<?xml version="1.0" encoding="UTF-8"?><record xmlns="http://www.loc.gov/MARC21/slim" xmlns:cinclude="http://apache.org/cocoon/include/1.0" xmlns:zs="http://www.loc.gov/zing/srw/">
  <leader>01068cz  a2200241n  4500</leader>
  <controlfield tag="001">n  79041981 </controlfield>
  <controlfield tag="003">DLC</controlfield>
  <controlfield tag="005">20130406074711.0</controlfield>
  <controlfield tag="008">790502n| azannaabn          |a aaa      </controlfield>
  <datafield tag="010" ind1=" " ind2=" ">
    <subfield code="a">n  79041981 </subfield>
  </datafield>
  <datafield tag="035" ind1=" " ind2=" ">
    <subfield code="a">(OCoLC)oca00275425</subfield>
  </datafield>
  <datafield tag="040" ind1=" " ind2=" ">
    <subfield code="a">DLC</subfield>
    <subfield code="b">eng</subfield>
    <subfield code="e">rda</subfield>
    <subfield code="c">DLC</subfield>
    <subfield code="d">OCoLC</subfield>
    <subfield code="d">DLC</subfield>
    <subfield code="d">IEN</subfield>
    <subfield code="d">OCoLC</subfield>
    <subfield code="d">Uk</subfield>
    <subfield code="d">MoSR</subfield>
    <subfield code="d">DLC</subfield>
  </datafield>
  <datafield tag="100" ind1="1" ind2=" ">
    <subfield code="a">Angulo Iñiguez, Diego</subfield>
  </datafield>
  <datafield tag="400" ind1="1" ind2=" ">
    <subfield code="a">Angulo, Diego</subfield>
  </datafield>
  <datafield tag="400" ind1="1" ind2=" ">
    <subfield code="a">Angulo e Iñiguez, Diego</subfield>
  </datafield>
  <datafield tag="400" ind1="1" ind2=" ">
    <subfield code="a">Iñiguez, Diego Angulo</subfield>
  </datafield>
  <datafield tag="400" ind1="1" ind2=" ">
    <subfield code="a">Angulo Iñiguez, D.</subfield>
    <subfield code="q">(Diego)</subfield>
  </datafield>
  <datafield tag="400" ind1="1" ind2=" ">
    <subfield code="a">Angulo Yñiguez, Diego</subfield>
  </datafield>
  <datafield tag="670" ind1=" " ind2=" ">
    <subfield code="a">His Planos de monumentos ... 1933-</subfield>
  </datafield>
  <datafield tag="670" ind1=" " ind2=" ">
    <subfield code="a">Angulo Iñiguez, D. Murillo, 1981:</subfield>
    <subfield code="b">v. 1, t.p. (Diego Angulo Iñiguez) jkt. (b. Valverde del Camino, Huelva, 7/18/01)</subfield>
  </datafield>
  <datafield tag="670" ind1=" " ind2=" ">
    <subfield code="a">Estudios completos sobre Velázquez, c2007:</subfield>
    <subfield code="b">t.p. (Diego Angulo) front flap (1901-1986)</subfield>
  </datafield>
  <datafield tag="670" ind1=" " ind2=" ">
    <subfield code="a">Historia de la pintura española, 1969-1985:</subfield>
    <subfield code="b">v. 1-3, t.p. (Diego Angulo Iñiguez) cover (D. Angulo Iñiguez)</subfield>
  </datafield>
  <datafield tag="670" ind1=" " ind2=" ">
    <subfield code="a">Pedro de Campaña, 1951:</subfield>
    <subfield code="b">t.p. (Diego Angulo Yñiguez) cover (Diego Angulo Iñiguez) bibliog. (Angulo)</subfield>
  </datafield>
</record>